<record><leader>00000cas a22000007a 4500</leader><controlfield tag="001">17544095</controlfield><controlfield tag="008">880226d18951uuualuwr ne      0    0eng d</controlfield><datafield ind1=" " ind2=" " tag="010"><subfield code="a">sn 88050028 </subfield></datafield><datafield ind1=" " ind2=" " tag="040"><subfield code="a">CPN</subfield><subfield code="b">eng</subfield><subfield code="c">CPN</subfield><subfield code="d">OCLCQ</subfield></datafield><datafield ind1=" " ind2=" " tag="042"><subfield code="a">msc</subfield></datafield><datafield ind1="0" ind2="4" tag="245"><subfield code="a">The Hamilton news-press.</subfield></datafield><datafield ind1="1" ind2="7" tag="246"><subfield code="a">News-press</subfield></datafield><datafield ind1=" " ind2=" " tag="260"><subfield code="a">Hamilton, Ala. :</subfield><subfield code="b">R.N. Terrell,</subfield><subfield code="c">1895-</subfield></datafield><datafield ind1=" " ind2=" " tag="300"><subfield code="a">v.</subfield></datafield><datafield ind1=" " ind2=" " tag="310"><subfield code="a">Weekly</subfield></datafield><datafield ind1="0" ind2=" " tag="362"><subfield code="a">Vol. 1 no. 1 (Jan. 10, 1895)-</subfield></datafield><datafield ind1=" " ind2=" " tag="752"><subfield code="a">United States</subfield><subfield code="b">Alabama</subfield><subfield code="c">Marion</subfield><subfield code="d">Hamilton.</subfield></datafield><datafield ind1="0" ind2="1" tag="780"><subfield code="t">Hamilton free press</subfield><subfield code="w">(DLC)sn 87050085</subfield></datafield></record>